<?xml version="1.0" encoding="UTF-8"?><collection xmlns="http://www.loc.gov/MARC21/slim"><record><leader>00504nam--2200181-i-4500</leader><controlfield tag="001">000047343</controlfield><controlfield tag="002">20161230</controlfield><controlfield tag="005">20161230201046</controlfield><controlfield tag="008">060222s1000------------r-----000-0-eng-d</controlfield><datafield ind1=" " ind2=" " tag="040"><subfield code="a">IFIN-HH</subfield></datafield><datafield ind1=" " ind2=" " tag="080"><subfield code="a">621.039.3</subfield></datafield><datafield ind1="1" ind2=" " tag="100"><subfield code="a">Wichmann, Eyvind H</subfield></datafield><datafield ind1="1" ind2="0" tag="245"><subfield code="a">Berkeley physics course vol. 4. quantum physics</subfield><subfield code="c">Eyvind h. wichmann</subfield></datafield><datafield ind1=" " ind2=" " tag="260"><subfield code="a">New York</subfield><subfield code="b">Mcgraw-hill Book Comp</subfield><subfield code="c">1971</subfield></datafield><datafield ind1=" " ind2=" " tag="300"><subfield code="a">XVII+ 423 P</subfield></datafield><datafield ind1=" " ind2=" " tag="490"><subfield code="a">Berkeley Physics Course</subfield></datafield><datafield ind1=" " ind2=" " tag="852"><subfield code="a">23807</subfield><subfield code="c">53</subfield></datafield><datafield ind1=" " ind2=" " tag="CAT"><subfield code="a">Sys</subfield><subfield code="c">20150218</subfield><subfield code="h">124158</subfield></datafield></record></collection>